<?xml version="1.0" encoding="UTF-8"?><collection xmlns="http://www.loc.gov/MARC21/slim"><record><leader>00450nam--2200145-i-4500</leader><controlfield tag="001">000008357</controlfield><controlfield tag="002">20161230</controlfield><controlfield tag="005">20170305211200</controlfield><controlfield tag="008">060222s1000------------r-----000-0-eng-d</controlfield><datafield ind1=" " ind2=" " tag="100"><subfield code="a">Clark, James Patrick Clement</subfield></datafield><datafield ind1=" " ind2=" " tag="245"><subfield code="a">An analysis of pulse-frequency modulated control systems. A dissertation ..</subfield></datafield><datafield ind1=" " ind2=" " tag="260"><subfield code="a">Ann Arbor, Michigan</subfield><subfield code="b">University Microfilms</subfield><subfield code="c">1965</subfield></datafield><datafield ind1=" " ind2=" " tag="300"><subfield code="a">IX + 144 p</subfield></datafield><datafield ind1=" " ind2=" " tag="852"><subfield code="a">621.3.078:621.374</subfield></datafield><datafield ind1=" " ind2=" " tag="CAT"><subfield code="a">SYS</subfield><subfield code="c">20170305</subfield><subfield code="h">211200</subfield></datafield></record></collection>